3140 4774
476 527 534 606 40
616 497 1220 590 Guuunsttthrunusrs

419 637 590 697 terarum
614 607 767 722 prorsus
784 616 1123 728 ignarus‚regnare
1137 625 1259 732 coepit
1274 644 1365 700 cunt

419 727 568 812 Karolo
578 731 725 808 Manno
742 724 860 812 fratre
872 725 959 814 suo.
988 733 1371 847 Qareprobarint·

419 848 506 956 quit
581 847 775 924 uercctaui
793 837 978 930 sententia
1000 849 1166 932 dicentis
1187 854 1225 937 in
1243 847 1372 933 indice

421 985 587 1070 operum
605 955 717 1066 ipfius
731 955 911 1066 Alcuini‚
928 961 1030 1044 hunc
1046 958 1153 1048 fuiffe
1164 968 1293 1078 Papia
1306 961 1372 1044 ad·

422 1074 499 1156 huc
520 1066 827 1171 adolescentem,
847 1103 967 1185 quum
997 1077 1053 1162 ibi
1073 1077 1196 1162 Curia
1236 1074 1372 1162 Katoli

259 1282 262 1289 ,
372 1215 373 1218 ‘
422 1191 559 1299 Magni
577 1191 812 1268 Francorum
832 1191 949 1301 Regis
966 1194 1094 1276 adhuc
1119 1185 1236 1288 effert
1260 1196 1370 1276 Nam

425 1298 547 1388 solum
571 1327 676 1383 anno
696 1331 794 1408 774.
809 1304 975 1386 Karalus
1003 1306 1244 1392 Defiderium
1261 1303 1374 1398 subt·

422 1422 505 1529 git,
521 1423 559 1500 δι
580 1424 656 1514 iam
676 1435 768 1500 ante
784 1424 981 1502 acciverat
999 1426 1156 1510 Petrum
1188 1418 1369 1506 Pisanum¹

421 1539 462 1616 in
488 1531 684 1630 Galliam,
710 1559 750 1614 ut
771 1530 894 1642 ipsum
915 1535 1141 1624 instrueret.
1168 1541 1372 1645 Qotcm·

420 1676 517 1762 pore
537 1646 586 1730 ad
607 1649 753 1758 Regem
773 1648 925 1731 fuerunt
947 1679 968 1732 a
987 1647 1176 1736 Pontifice
1193 1641 1286 1736 miisr
1301 1650 1370 1731 aii·
1479 1737 1485 1750 ,

375 1825 378 1830 .
421 1767 488 1874 qui
505 1759 670 1860 libri,ut
686 1791 734 1843 ex
752 1763 924 1873 Epistola
936 1821 949 1861 ,
961 1793 1046 1875 quae
1056 1791 1163 1850 extat
1173 1769 1274 1880 apud
1288 1769 1372 1850 Du.

421 1873 621 1960 chesnium
645 1901 746 1961 tom.
766 1906 800 1987 3.
821 1882 1002 1962 Hiaioriae
1021 1885 1256 1967 Francorum
1281 1908 1370 1991 pag.

426 2019 483 2098 74
489 2020 519 2092 3·
547 2003 764 2076 Dirextmus
780 2001 897 2075 eriam
912 1998 1214 2098 Excellenuffim
1227 1999 1377 2082 Paul.

427 2113 549 2190 ientiae
568 2109 721 2216 Vestra,
738 2106 785 2202 ἀ
797 2107 914 2190 libros
936 2136 1110 2219 quantum
1130 2120 1293 2223 reperire
1310 2133 1374 2220 po·

425 2231 590 2311 ruimus,
614 2223 708 2328 idest
728 2222 1001 2332 Antipbrnale,
1024 2224 1239 2337 Responjile'
1256 2277 1266 2314 ,
1286 2226 1373 2333 iufi-

312 2385 314 2392 v
419 2339 501 2424 mul
524 2355 651 2420 Aram
661 2349 946 2447 grammaticam
964 2342 1196 2447 Aristotelis,
1211 2341 1371 2446 Dionifii

420 2463 644 2563 Areopagirae
664 2448 780 2535 libros
805 2506 813 2539 2
838 2464 1119 2544 Germanicam,
1141 2453 1372 2568 ortographi-

419 2598 525 2658 tam,
543 2578 849 2676 Grammatitrm,
867 2597 988 2651 omnes
996 2597 1112 2680 gtaeco
1122 2571 1261 2682 eloquio
1275 2576 1373 2654 Scri.-

412 2707 554 2802 ptores,
568 2710 631 2766 nec
641 2712 713 2765 non
726 2687 770 2780 ό*
784 2681 1009 2794 horologium
1017 2689 1253 2794 nodutum.
1270 2686 1373 2767 Nec

419 2823 621 2912 propterca
645 2797 773 2906 ‚quod
792 2792 913 2880 solum
925 2798 973 2882 ad
989 2799 1135 2911 Regem
1151 2799 1372 2884 docendum

420 2915 720 3026 grammaticam
746 2908 862 2994 fucrit
892 2916 1031 2994 Petrus
1070 2912 1227 2998 Pisanus
1252 2919 1373 3027 Papia

419 3033 567 3112 accitus
590 3033 629 3109 iu
648 3025 1064 3136 Gallianr,ptrtandrrm
1084 3030 1139 3112 est
1157 3025 1280 3124 solum
1301 3031 1373 3112 has

417 3143 647 3228 humiliores
679 3167 780 3224 artes
810 3168 902 3224 tuuc
924 3135 1089 3226 flotuiise
1113 3150 1155 3230 in
1184 3145 1396 3260 Papieufir

416 3258 489 3350 bus
513 3256 691 3341 Scholis.
719 3259 929 3340 etenimex
947 3251 1207 3368 disputatione
1223 3287 1235 3360 5
1252 3287 1370 3373 quam

415 3379 553 3466 Petrus
572 3370 709 3468 habuit
730 3399 821 3452 cum
844 3370 954 3482 Julio
975 3369 1111 3483 Judaeo
1136 3379 1284 3460 constat
1306 3377 1371 3456 hic

414 3483 526 3576 fuiise
544 3487 677 3572 locum
704 3482 925 3599 disputandi
942 3488 990 3574 de
1014 3489 1220 3575 altioribus
1254 3486 1371 3572 scitu-

417 3609 512 3698 tiit.
533 3602 663 3690 Multo
683 3627 816 3704 autem
845 3629 1024 3716 ternpore
1035 3600 1202 3690 docuisse
1211 3614 1368 3691 Petrum
1385 3675 1390 3684 .

1087 3725 1095 3736 ’
1210 3718 1314 3814 Pru·-
