3140 4774
534 539 862 634 Hrsrorruj
924 551 927 558 ’
1052 538 1109 656 f'23
1278 553 1281 562 '

202 662 308 748 'diue
316 664 488 779 palatiu
504 662 934 777 ubiquermarueilare.
964 661 1094 750 Video
1103 655 1171 746 aa?

218 803 259 862 te
270 781 435 892 persedit
459 779 639 887 edificia,
661 803 770 892 qm
790 809 850 863 tue
872 777 1076 892 contigiffer
1091 775 1170 884 dis·

206 895 346 1006 postea.
382 896 527 1008 Sitque
550 895 685 1008 posteo
714 918 946 978 exornatum
971 893 1054 980 fuit·
1075 889 1176 978 illud

199 1005 363 1121 ,insigne
381 1009 578 1094 Palatium
598 1069 612 1112 ,
636 1035 681 1094 ut
710 1007 835 1095 altera
863 1008 977 1098 Urbs
1009 1003 1100 1094 effer
1128 1011 1170 1090 iu

201 1126 332 1210 Urbe
343 1167 358 1226 3
378 1124 427 1210 de
441 1153 521 1238 quo
540 1125 685 1240 infigoe
698 1124 1029 1211 esttestimouium
1043 1121 1166 1237 diplo·

215 1263 281 1322 rua
298 1241 475 1354 Sigualdi
504 1244 742 1328 Patriarchae
774 1238 1046 1354 Aqttiieieufis¹
1064 1235 1169 1352 apud

211 1357 291 1440 iam
322 1355 526 1442 laudatum
546 1354 816 1472 Margariuum
831 1381 930 1442 tour.
952 1388 987 1446 r.
1005 1356 1167 1446 Bullatii

210 1465 440 1584 Cuffiueusts
460 1499 552 1586 pag.
575 1482 639 1560 16.
653 1491 798 1558 Datum
832 1482 964 1558 Titine
993 1481 1037 1556 in
1067 1468 1167 1558 Vrbe

210 1594 344 1698 uegit,
371 1591 619 1701 quodetiam
645 1583 745 1675 visus
761 1587 817 1670 est
841 1581 1036 1700 agnovisse
1052 1587 1167 1700 Sigo-

208 1699 375 1790 uiuelib.
392 1713 431 1791 6.
448 1704 497 1788 de
514 1705 654 1819 Regno
681 1700 808 1788 Italiae
833 1697 902 1788 sub
935 1732 1039 1786 anuo
1067 1716 1165 1803 9⁶¹·

207 1811 302 1898 dum
318 1823 376 1904 tit
394 1876 408 1920 ,
427 1817 602 1904 othonem
626 1828 742 1934 Papia
765 1825 914 1932 Regiam
930 1853 954 1902 a
987 1835 1168 1932 Bereega·

205 1936 265 2015 rio
290 1934 508 2039 destruam
536 1928 770 2047 restaurasse.
803 1940 957 2018 Horum
983 1937 1165 2018 omnium

204 2047 363 2158 ignarus
387 2053 504 2134 Patet
531 2049 807 2136 Eustachium
838 2051 877 2134 S.
902 2048 1066 2137 Ubaldo
1094 2075 1166 2133 uo,-

205 2187 296 2244 tueo
321 2164 545 2250 civitatula
568 2165 811 2265 Ticinenfis,
830 2166 935 2278 quod
959 2166 1009 2250 ad
1032 2163 1160 2254 Urbis

204 2277 400 2389 Pupiensrs
437 2281 607 2396 gloriam
642 2279 889 2367 referendum
919 2275 993 2366 effe
1021 2308 1161 2366 omues

206 2419 375 2497 norunt,
401 2390 613 2509 perperam'
635 2398 685 2483 ad
706 2393 812 2482 illius
834 2395 1001 2482 dedecus
1035 2422 1162 2480 traus-

202 2501 303 2592 ferre
318 2539 483 2597 conatus
506 2511 584 2613 est,
605 2515 695 2598 iude
709 2539 873 2626 arguere
887 2513 1040 2597 studens
1057 2514 1166 2596 Titi·
1309 2567 1311 2577 ·

200 2649 296 2706 uum
317 2621 427 2713 fuisse
456 2627 616 2718 Urbem
649 2658 730 2714 uon
758 2627 969 2728 decoram,
986 2622 1050 2712 sed
1074 2623 1163 2710 iofi·

197 2763 327 2835 utam,
343 2749 384 2829 δι
396 2744 599 2858 augustam
625 2771 912 2859 proptereaque
931 2744 1159 2856 iudignum,

198 2881 287 2968 quae
309 2859 407 2950 nulli
428 2859 696 2974 Metropolitae
716 2855 971 2946 subiiceretur
992 2907 1010 2946 .·
1034 2860 1157 2966 Qod

198 2995 319 3082 quam
345 2973 437 3061 leve
450 3001 727 3090 argumentum
750 2975 819 3068 fit,
841 2977 992 3060 constat
1012 2999 1061 3058 ex
1085 2979 1159 3061 Iti·

198 3091 356 3172 uerario
384 3090 602 3194 Antonini,
637 3095 678 3178 io
707 3093 788 3206 quo
803 3090 918 3178 litera
938 3093 991 3180 C.
1012 3090 1158 3178 Ticino

197 3199 332 3286 addita
351 3200 584 3318 inspicitur3
604 3235 710 3322 que,
729 3231 772 3292 ut
792 3236 842 3293 ex
863 3208 1049 3323 Philippo
1061 3207 1160 3292 Clu·

197 3321 305 3400 verio
324 3321 448 3406 Italiae
467 3321 654 3438 Antiquae
675 3323 746 3412 lib.
764 3350 800 3410 1.
810 3325 917 3436 Cape
940 3353 1009 3433 ²7·
1031 3325 1155 3410 aduo-
1325 3367 1327 3370 ·

197 3435 369 3524 ravimus
384 3440 847 3552 cap..proeee‘denti,erat
857 3446 971 3526 Nota
994 3469 1156 3556 magna-

195 3575 285 3630 rum
316 3551 489 3640 Urbium
511 3585 524 3648 ς
548 3559 684 3640 Immo
712 3551 824 3668 supra
858 3556 960 3641 alias
984 3556 1156 3674 Liguriae

195 3661 331 3753 Urbes
348 3663 548 3756 eminuiffe
566 3666 1153 3872 saeeussuV.,quoteu1p1p1r0

725 3813 755 3893 4
1059 3815 1099 3872 θ·
