3114 4770
479 529 812 616 Hrsron1n2
987 555 1063 628 129

169 645 294 744 multa
318 667 451 728 tamen
478 647 724 757 antiquitatis
748 643 922 742 notitia,
972 645 1048 726 uod
1071 643 1134 742 ad,

169 763 272 844 lianc
300 785 379 844 rem
396 761 594 868 pertinet,
620 757 708 842 illos
735 669 1121 849 instrtt&oslnill'e„.s

171 874 389 958 luculenter
405 896 563 982 apparet
579 901 631 956 ex
641 897 729 956 toto
746 871 826 955 hoc
840 899 957 984 opere
970 873 1123 964 nostro,

173 995 214 1074 &
231 1018 277 1070 ex
289 981 371 1098 ipso
387 984 523 1070 Karoli
539 987 612 1073 lV.
628 985 868 1099 diplomate,
881 993 923 1070 in
943 1013 1123 1098 quocum
1171 1079 1175 1088 ,

170 1129 310 1215 agatur
337 1126 418 1184 non
435 1099 484 1182 de
507 1101 776 1194 institutione,
798 1097 861 1184 sed
876 1102 924 1186 de
940 1101 1123 1186 instaura·

170 1223 279 1300 tione
301 1211 500 1330 Gymnafii
519 1273 533 1314 ,
550 1214 645 1298 illud
664 1244 712 1300 ex
726 1216 1124 1331 grammatophilacio

146 1432 149 1441 Ι
172 1331 360 1415 Civitatis
378 1331 505 1442 Papiae
521 1323 960 1448 extrastumintegrum
982 1329 1123 1420 leuiori
1142 1395 1143 1400 a

175 1469 375 1560 propono.

232 1683 234 1688 '
302 1673 1012 1790 Parvttrutvuluranrnnt]
1077 1699 1089 1730 ³

204 1921 275 1989 Pro
283 1913 303 1988 1
305 1901 553 2018 nssaurnione
565 1903 662 1987 alni
674 1906 861 2018 Gymnesir‘
872 1897 1099 2012 Ticiueufis.¹
1118 1935 1124 1948 “

229 2133 272 2216 N
288 2136 448 2216 nomine
458 2132 631 2233 sanus,
646 2134 687 2216 &
702 2129 905 2216 individuae
921 2128 1127 2222 Trinitatis

256 2242 439 2329 foeliciter
467 2275 617 2332 amen.
657 2244 919 2334 CAROLUS
945 2239 1127 2352 QJAR·

258 2363 369 2448 TUS
394 2363 544 2446 Divina
559 2360 709 2446 favente
733 2361 957 2446 Clementia
981 2362 1129 2443 Roma·

178 2502 319 2558 notum
332 2475 549 2587 imperator
572 2471 720 2586 semper
734 2473 955 2588 Augustus,
970 2477 1012 2558 &
1031 2476 1133 2555 Boe·

176 2592 263 2673 miae
284 2589 393 2673 Rex.
420 2589 484 2673 Ad
504 2616 731 2706 perpetuam
755 2597 810 2676 rei
827 2589 1132 2672 memorianu.
1173 2615 1174 2620 ‘

174 2705 333 2789 Ret’trix
364 2701 525 2790 humani
541 2709 694 2819 generis
708 2707 898 2791 virtutum
918 2701 1131 2807 caelellium

177 2825 364 2902 mutatrix
379 2819 560 2929 preclara
575 2815 876 2921 scientia',cujns
891 2818 997 2902 clara
1008 2841 1132 2900 mem·

175 2933 247 3016 bra
262 2930 395 3015 odiola
418 2933 641 3045 pestilentiae
657 2932 784 3020 rabies
808 2962 876 3046 per
906 2931 1040 3016 mnndi
1061 2929 1134 3015 cli·

177 3051 631 3164 mata'impiavoragine
664 3058 743 3152 jam
771 3044 989 3163 allumpfit,
1016 3070 1131 3129 tanto

174 3169 326 3276 gemitu
342 3160 393 3244 ad
411 3190 483 3246 nos
499 3165 675 3252 elamore
693 3161 928 3255 confiditur,
948 3171 1027 3265 jam
1052 3154 1147 3268 suis

175 3276 322 3360 laribus
337 3276 536 3386 apoenosss
552 3278 787 3364 habitaculis
803 3277 963 3366 viduata
979 3299 1046 3376 ,ut
1059 3272 1128 3360 fibi

174 3392 380 3500 dignemur
418 3391 638 3504 imperialis
677 3391 909 3480 celsstudinis
947 3387 1129 3502 proesrdio

175 3499 379 3590 subvenire
398 3557 413 3602 ,
431 3500 458 3586 sr
477 3510 634 3618 quando
647 3507 862 3618 provistone
884 3500 1128 3601 Caesarea-s,

175 3627 285 3728 eujus
301 3616 458 3704 interest
474 3618 647 3710 universo
662 3621 813 3711 Mundo
826 3613 1023 3706 consulere
1043 3621 1131 3727 ina¹⁴

729 3736 750 3818 1
993 3737 1073 3845 priq
